
@online{python,
    title = "Python",
    url  = "https://www.python.org/",
}


@online{javascript,
	title = "Javascript",
	url  = "https://www.javascript.com/",
}

@online{odoo,
	title = "Odoo",
	url  = "https://www.odoo.com/it_IT/",
}

@online{orm,
	title = "ORM Api",
	url  = "https://www.odoo.com/documentation/11.0/reference/orm.html",
}

@online{postgresql,
	title = "Sql-PostgreSql",
	url  = "https://www.postgresql.org/",
}

@online{openproject,
	title = "OpenProject",
	url = "https://www.openproject.org/"
}

@online{github,
	title = "GitHub",
	url  = "https://www.github.com/",
}
@online{pgadmin,
    title = "pgAdmin 4 ",
    url  = "https://www.pgadmin.org/",
}


@online{pycharm,
    title = "PyCharm",
    url  = "https://www.jetbrains.com/pycharm/",
}

@online{pip,
    title = "PIP",
    url = "https://pypi.org/project/pip/",
}

@online{
	slack,
	title = "Slack",
	url = "https://slack.com",
}

@online{
	pycharm,
	title = "PyCharm",
	url = "https://www.jetbrains.com/pycharm/",
}

@online{homebrew,
	title = "Homebrew",
	url = "https://brew.sh/index_it",
}

@online{stageit,
    title = "StageIt",
    url = "http://informatica.math.unipd.it/laurea/stageit.html",
}

@online{
doc,
title="documentazione",
url="https://www.odoo.com/documentation/11.0/index.html"
}